<record><leader>00000cas a22000007a 4500</leader><controlfield tag="001">8796725</controlfield><controlfield tag="008">820922d185718uudcucr ne      0   a0eng  </controlfield><datafield ind1=" " ind2=" " tag="010"><subfield code="a">sn 82014820 </subfield></datafield><datafield ind1=" " ind2=" " tag="040"><subfield code="a">DLC</subfield><subfield code="b">eng</subfield><subfield code="c">DLC</subfield><subfield code="d">NPY</subfield><subfield code="d">NPX</subfield><subfield code="d">NPH</subfield><subfield code="d">DLC</subfield><subfield code="d">OCLCQ</subfield><subfield code="d">KNV</subfield><subfield code="d">OCLCQ</subfield><subfield code="d">OCLCF</subfield><subfield code="d">OCLCO</subfield></datafield><datafield ind1=" " ind2=" " tag="043"><subfield code="a">n-us-dc</subfield></datafield><datafield ind1="0" ind2=" " tag="050"><subfield code="a">Newspaper 7285-X</subfield></datafield><datafield ind1="0" ind2=" " tag="130"><subfield code="a">Republic (Washington, D.C. : 1857 : Semiweekly)</subfield></datafield><datafield ind1="1" ind2="4" tag="245"><subfield code="a">The republic.</subfield></datafield><datafield ind1="1" ind2="3" tag="246"><subfield code="a">Semi-weekly republic</subfield></datafield><datafield ind1="3" ind2="0" tag="246"><subfield code="a">Semiweekly republic</subfield></datafield><datafield ind1=" " ind2=" " tag="260"><subfield code="a">Washington, D.C. :</subfield><subfield code="b">George M. Weston</subfield></datafield><datafield ind1=" " ind2=" " tag="300"><subfield code="a">v. ;</subfield><subfield code="c">55-69 cm.</subfield></datafield><datafield ind1=" " ind2=" " tag="310"><subfield code="a">Semiweekly</subfield></datafield><datafield ind1="1" ind2=" " tag="362"><subfield code="a">Began with Sept. 22, 1857 issue.</subfield><subfield code="z">Cf. Gregory, W. Amer. newspapers.</subfield></datafield><datafield ind1=" " ind2=" " tag="500"><subfield code="a">Publishers: George M. Weston, 1857-1858; Weston &amp; Coombs, &lt;1858&gt;.</subfield></datafield><datafield ind1=" " ind2=" " tag="500"><subfield code="a">Editors: George M. Weston, 1857-1858; Weston &amp; Coombs, &lt;1858&gt;.</subfield></datafield><datafield ind1=" " ind2=" " tag="588"><subfield code="a">Description based on: Vol. 1, no. 4 (Oct. 2, 1857).</subfield></datafield><datafield ind1=" " ind2="0" tag="651"><subfield code="a">Washington (D.C.)</subfield><subfield code="v">Newspapers.</subfield></datafield><datafield ind1=" " ind2="7" tag="655"><subfield code="a">Newspapers.</subfield><subfield code="2">fast</subfield><subfield code="0">(OCoLC)fst01423814</subfield></datafield><datafield ind1=" " ind2="7" tag="651"><subfield code="a">Washington (D.C.)</subfield><subfield code="2">fast</subfield><subfield code="0">(OCoLC)fst01204505</subfield></datafield><datafield ind1=" " ind2=" " tag="752"><subfield code="a">United States</subfield><subfield code="b">District of Columbia</subfield><subfield code="d">Washington.</subfield></datafield><datafield ind1="0" ind2=" " tag="775"><subfield code="t">Republic (Washington, D.C. : 1857 : Weekly)</subfield><subfield code="w">(DLC)sn 82014833</subfield></datafield></record>